<?xml version="1.0" encoding="UTF-8"?><collection xmlns="http://www.loc.gov/MARC21/slim"><record><leader>00311nam--2200121-i-4500</leader><controlfield tag="001">000036354</controlfield><controlfield tag="002">20161230</controlfield><controlfield tag="005">20161230201040</controlfield><controlfield tag="008">060222s1000------------r-----000-0-eng-d</controlfield><datafield ind1=" " ind2=" " tag="100"><subfield code="a">Pislarasu, I., Rotaru, N., Teodorescu, M</subfield></datafield><datafield ind1=" " ind2=" " tag="245"><subfield code="a">Alimentari cu apa</subfield></datafield><datafield ind1=" " ind2=" " tag="260"><subfield code="a">Bucuresti, Ed.Tehnica, 1964, 449p</subfield></datafield><datafield ind1=" " ind2=" " tag="852"><subfield code="a">9523</subfield></datafield></record></collection>